<?xml version="1.0" encoding="UTF-8"?><collection xmlns="http://www.loc.gov/MARC21/slim"><record><leader>00769nam--2200205-i-4500</leader><controlfield tag="001">000024974</controlfield><controlfield tag="002">20161230</controlfield><controlfield tag="005">20161230201035</controlfield><controlfield tag="008">060222s1000------------r-----000-0-eng-d</controlfield><datafield ind1=" " ind2=" " tag="020"><subfield code="a">3540113681</subfield></datafield><datafield ind1=" " ind2=" " tag="040"><subfield code="a">IFIN-HH</subfield></datafield><datafield ind1=" " ind2=" " tag="080"><subfield code="a">621.3.049.771.14</subfield></datafield><datafield ind1="1" ind2=" " tag="100"><subfield code="a">Barbe, D.F. /S.A.</subfield></datafield><datafield ind1="1" ind2="0" tag="245"><subfield code="a">Very large scale integrations (vlsi). fundamentals and applications</subfield><subfield code="b">With contributions by d.f. barbe, r.c. eden, p.losleben, j.l.prince, r.i.scace, e.e.swartslander,jr, e.c.urban, r.k.watts, b.m.welch, b.h.whalen</subfield><subfield code="c">D.f. barbe (ed.)</subfield></datafield><datafield ind1=" " ind2=" " tag="250"><subfield code="a">Second Corrected And Updated Edition</subfield></datafield><datafield ind1=" " ind2=" " tag="260"><subfield code="a">Berlin</subfield><subfield code="b">Springer-verlag</subfield><subfield code="c">1982</subfield></datafield><datafield ind1=" " ind2=" " tag="300"><subfield code="a">X + 302 P</subfield></datafield><datafield ind1=" " ind2=" " tag="490"><subfield code="a">Springer Series In Electrophysics</subfield><subfield code="v">Volume 5</subfield></datafield><datafield ind1=" " ind2=" " tag="852"><subfield code="a">46525</subfield><subfield code="c">537.533</subfield></datafield><datafield ind1=" " ind2=" " tag="CAT"><subfield code="a">Sys</subfield><subfield code="c">20110830</subfield><subfield code="h">103820</subfield></datafield></record></collection>